<?xml version="1.0" encoding="UTF-8"?><collection xmlns="http://www.loc.gov/MARC21/slim"><record><leader>00546nam--2200157-i-4500</leader><controlfield tag="001">000012179</controlfield><controlfield tag="002">20161230</controlfield><controlfield tag="005">20170114004520</controlfield><controlfield tag="008">060222s1000------------r-----000-0-eng-d</controlfield><datafield ind1=" " ind2=" " tag="080"><subfield code="a">621.O39.616(043):539.L75.3</subfield></datafield><datafield ind1=" " ind2=" " tag="100"><subfield code="a">Chatelier, Michel</subfield></datafield><datafield ind1=" " ind2=" " tag="245"><subfield code="a">Etude theorique et experimentale d echos de pa rticle piegees dans une machine a microirs magnetiques. Applications a l etude de la diffusion</subfield><subfield code="b">these</subfield></datafield><datafield ind1=" " ind2=" " tag="260"><subfield code="a">Paris</subfield><subfield code="b">L Universite De Paris-sud - Centre D Ors Ay</subfield><subfield code="c">1976</subfield></datafield><datafield ind1=" " ind2=" " tag="300"><subfield code="a">147 p</subfield></datafield><datafield ind1=" " ind2=" " tag="852"><subfield code="a">44853</subfield></datafield><datafield ind1=" " ind2=" " tag="CAT"><subfield code="a">SYS</subfield><subfield code="c">20170114</subfield><subfield code="h">004520</subfield></datafield></record></collection>